<record><leader>00000cas a22000007a 4500</leader><controlfield tag="001">10766825</controlfield><controlfield tag="008">840523d19071963nyudr ne      0    0eng d</controlfield><datafield ind1=" " ind2=" " tag="010"><subfield code="a">sn 84031247 </subfield></datafield><datafield ind1=" " ind2=" " tag="040"><subfield code="a">NYG</subfield><subfield code="b">eng</subfield><subfield code="c">NYG</subfield><subfield code="d">NPX</subfield><subfield code="d">NYG</subfield><subfield code="d">DLC</subfield><subfield code="d">NYS</subfield><subfield code="d">NYG</subfield><subfield code="d">OCL</subfield><subfield code="d">NYS</subfield><subfield code="d">CRL</subfield><subfield code="d">OCLCQ</subfield><subfield code="d">OCLCF</subfield><subfield code="d">OCLCO</subfield></datafield><datafield ind1=" " ind2=" " tag="019"><subfield code="a">11992822</subfield></datafield><datafield ind1="1" ind2=" " tag="029"><subfield code="a">AU@</subfield><subfield code="b">000025801131</subfield></datafield><datafield ind1=" " ind2=" " tag="042"><subfield code="a">msc</subfield></datafield><datafield ind1=" " ind2=" " tag="043"><subfield code="a">n-us-ny</subfield></datafield><datafield ind1="0" ind2="0" tag="050"><subfield code="a">Newspaper 8879</subfield></datafield><datafield ind1="0" ind2="0" tag="245"><subfield code="a">Elmira star-gazette.</subfield></datafield><datafield ind1="3" ind2="0" tag="246"><subfield code="a">Elmira star gazette</subfield></datafield><datafield ind1="1" ind2=" " tag="246"><subfield code="i">Sunday issues for &lt;Nov. 4, 1923&gt;-1950 have title:</subfield><subfield code="a">Sunday telegram</subfield></datafield><datafield ind1="1" ind2=" " tag="246"><subfield code="i">Saturday and holiday issues for July 15, 1961-Jan. 31, 1963 have title:</subfield><subfield code="a">Star-gazette &amp; advertiser</subfield></datafield><datafield ind1="1" ind2=" " tag="246"><subfield code="i">Seventy-fifth anniversary issue has title:</subfield><subfield code="a">Sunday morning telegram</subfield><subfield code="f">June 13, 1954</subfield></datafield><datafield ind1=" " ind2=" " tag="260"><subfield code="a">Elmira, N.Y. :</subfield><subfield code="b">Star-Gazette Co.,</subfield><subfield code="c">[1907-1963]</subfield></datafield><datafield ind1=" " ind2=" " tag="300"><subfield code="a">56 v. :</subfield><subfield code="b">ill. ;</subfield><subfield code="c">60 cm.</subfield></datafield><datafield ind1=" " ind2=" " tag="310"><subfield code="a">Daily,</subfield><subfield code="b">&lt;Nov. 4, 1923&gt;-1963</subfield></datafield><datafield ind1=" " ind2=" " tag="321"><subfield code="a">Daily (except Sunday),</subfield><subfield code="b">&lt;Nov. 11, 1918-Dec. 31, 1922&gt;</subfield></datafield><datafield ind1="0" ind2=" " tag="362"><subfield code="a">Vol. 1, no. 1 (July 1, 1907)-v. 56, no. 149 (Jan. 31, 1963).</subfield></datafield><datafield ind1=" " ind2=" " tag="500"><subfield code="a">Vol. 47, no. 3 called also: Anniversary edition, 125th anniversary no. of Elmira star gazette and 100th anniversary no. of Elmira advertiser.</subfield></datafield><datafield ind1=" " ind2=" " tag="515"><subfield code="a">Sunday issues have own numbering, &lt;Nov. 4, 1923&gt;.</subfield></datafield><datafield ind1=" " ind2=" " tag="530"><subfield code="a">Also available on microfilm from UMI.</subfield></datafield><datafield ind1=" " ind2=" " tag="580"><subfield code="a">Formed by the union of: Elmira gazette and free press (Elmira, N.Y. : Daily) and: Elmira evening star, and: Elmira evening news.</subfield></datafield><datafield ind1=" " ind2="0" tag="651"><subfield code="a">Elmira (N.Y.)</subfield><subfield code="v">Newspapers.</subfield></datafield><datafield ind1=" " ind2="7" tag="655"><subfield code="a">Newspapers.</subfield><subfield code="2">fast</subfield><subfield code="0">(OCoLC)fst01423814</subfield></datafield><datafield ind1=" " ind2="7" tag="651"><subfield code="a">New York (State)</subfield><subfield code="z">Elmira.</subfield><subfield code="2">fast</subfield><subfield code="0">(OCoLC)fst01214392</subfield></datafield><datafield ind1=" " ind2=" " tag="752"><subfield code="a">United States</subfield><subfield code="b">New York</subfield><subfield code="c">Chemung</subfield><subfield code="d">Elmira.</subfield></datafield><datafield ind1="1" ind2="4" tag="780"><subfield code="t">Elmira gazette and free press (Elmira, N.Y. : Daily)</subfield><subfield code="w">(DLC)sn 91066115</subfield><subfield code="w">(OCoLC)22933435</subfield></datafield><datafield ind1="1" ind2="4" tag="780"><subfield code="t">Elmira evening star</subfield><subfield code="w">(DLC)sn 87070034</subfield><subfield code="w">(OCoLC)15804837</subfield></datafield><datafield ind1="1" ind2="4" tag="780"><subfield code="t">Elmira evening news</subfield><subfield code="w">(DLC)sn 84031611</subfield><subfield code="w">(OCoLC)11191837</subfield></datafield><datafield ind1="0" ind2="5" tag="780"><subfield code="t">Elmira telegram</subfield><subfield code="w">(DLC)sn 85054489</subfield><subfield code="w">(OCoLC)12059722</subfield></datafield><datafield ind1="0" ind2="7" tag="785"><subfield code="t">Elmira advertiser (Elmira, N.Y. : 1897)</subfield><subfield code="w">(DLC)sn 85054121</subfield><subfield code="w">(OCoLC)11629317</subfield></datafield><datafield ind1="0" ind2="7" tag="785"><subfield code="t">Star-gazette and advertiser</subfield><subfield code="w">(DLC)sn 85054126</subfield><subfield code="w">(OCoLC)12015457</subfield></datafield></record>